<record><leader>00000cas a2200000 a 4500</leader><controlfield tag="001">11331367</controlfield><controlfield tag="008">841031d18711882iluwr ne      0   a0eng c</controlfield><datafield ind1=" " ind2=" " tag="010"><subfield code="a">sn 84038529 </subfield></datafield><datafield ind1=" " ind2=" " tag="040"><subfield code="a">NPX</subfield><subfield code="b">eng</subfield><subfield code="c">NPX</subfield><subfield code="d">NPU</subfield><subfield code="d">NVF</subfield><subfield code="d">OCLCQ</subfield><subfield code="d">NVF</subfield><subfield code="d">OCLCQ</subfield><subfield code="d">OCLCF</subfield><subfield code="d">NVF</subfield><subfield code="d">OCLCO</subfield></datafield><datafield ind1=" " ind2=" " tag="042"><subfield code="a">pcc</subfield></datafield><datafield ind1=" " ind2=" " tag="043"><subfield code="a">n-us-il</subfield></datafield><datafield ind1="0" ind2="4" tag="245"><subfield code="a">The Kewanee independent.</subfield></datafield><datafield ind1=" " ind2=" " tag="260"><subfield code="a">Kewanee, Ill. :</subfield><subfield code="b">Chauncey Bassett,</subfield><subfield code="c">1871-1882.</subfield></datafield><datafield ind1=" " ind2=" " tag="300"><subfield code="a">v.</subfield></datafield><datafield ind1=" " ind2=" " tag="310"><subfield code="a">Weekly</subfield></datafield><datafield ind1="0" ind2=" " tag="362"><subfield code="a">Vol. 2, no. 33 [i.e. 53] (Jan. 12, 1871)-v. 2, no. 34 [i.e. 54] (Jan. 19, 1871) ; v. 1, no. 4 [i.e. 3] (Jan. 26, 1871)-v. 13, no. 52 (Dec. 21, 1882).</subfield></datafield><datafield ind1=" " ind2=" " tag="515"><subfield code="a">Jan. 12-19, 1871 called also new ser., v. 1, no. 27-new ser., v. 1, no. 28.</subfield></datafield><datafield ind1=" " ind2="0" tag="651"><subfield code="a">Kewanee (Ill.)</subfield><subfield code="v">Newspapers.</subfield></datafield><datafield ind1=" " ind2="7" tag="651"><subfield code="a">Illinois</subfield><subfield code="z">Kewanee.</subfield><subfield code="2">fast</subfield><subfield code="0">(OCoLC)fst01219159</subfield></datafield><datafield ind1=" " ind2="7" tag="655"><subfield code="a">Newspapers.</subfield><subfield code="2">fast</subfield><subfield code="0">(OCoLC)fst01423814</subfield></datafield><datafield ind1=" " ind2=" " tag="752"><subfield code="a">United States</subfield><subfield code="b">Illinois</subfield><subfield code="c">Henry</subfield><subfield code="d">Kewanee.</subfield></datafield><datafield ind1="0" ind2="0" tag="780"><subfield code="t">Kewanee advertiser (Kewanee, Ill. : 1870)</subfield><subfield code="w">(DLC)sn 93055466</subfield><subfield code="w">(OCoLC)27212836</subfield></datafield><datafield ind1="0" ind2="0" tag="785"><subfield code="t">Independent (Kewanee, Ill.)</subfield><subfield code="w">(DLC)sn 93055467</subfield><subfield code="w">(OCoLC)27212985</subfield></datafield></record>